@misc{li2025noproptrainingneuralnetworks,
      key=1,
      title={NoProp: Training Neural Networks without Back-propagation or Forward-propagation}, 
      author={Qinyu Li and Yee Whye Teh and Razvan Pascanu},
      year={2025},
      eprint={2503.24322},
      archivePrefix={arXiv},
      primaryClass={cs.LG},
      url={https://arxiv.org/abs/2503.24322}, 
}

@misc{githubPotentiallyIncorrect,
    key=2,
	author = {},
	title = {{P}otentially incorrect calculation of noisy label? · {I}ssue 4 · yhgon/{N}o{P}rop --- github.com},
	howpublished = {\url{https://github.com/yhgon/NoProp/issues/4}},
	year = {},
}